  @book{hillier2013introdução,
  title     = {Introdução a Pesquisa Operacional},
  author    = {Hillier, F.S. and Lieberman, G.J.},
  isbn      = {9788580551198},
  url       = {https://books.google.com.br/books?id=-A88a0-KxQ0C},
  year      = {2013},
  publisher = {AMGH}
}

  @misc{sobrapo2017,
  title     = {O que é pesquisa operacional?},
  url       = {https://www.sobrapo.org.br/o-que-e-pesquisa-operacional},
  journal   = {Desenvolvimento da Pesquisa Operacional},
  publisher = {SOBRAPO},
  author    = {SOBRAPO},
  year      = {2017},
  note      = {Acessado em 26 de Mai. de 2022}
} 

 @misc{porto-da-silveira_2000,
  title     = {Problema do Caixeiro Viajante},
  url       = {http://www.mat.ufrgs.br/~portosil/caixeiro.html},
  journal   = {O problema do Caixeiro Viajante},
  publisher = {UFRGS},
  author    = {Porto da Silveira, José Francisco},
  year      = {2000},
  note      = {Acessado em 02 de Jun. de 2022}
} 